[{"SecurityCode":"ETHUSD","Time":1501180858.0,"Price":200.34,"Volume":-0.5,"Direction":"Sell"},{"SecurityCode":"ETHUSD","Time":1501180858.0,"Price":200.34,"Volume":-0.5,"Direction":"Sell"},{"SecurityCode":"ETHUSD","Time":1501179331.0,"Price":200.39,"Volume":0.5,"Direction":"Buy"},{"SecurityCode":"ETHUSD","Time":1501179331.0,"Price":200.39,"Volume":0.5,"Direction":"Buy"},{"SecurityCode":"ETHUSD","Time":1501164079.0,"Price":203.82,"Volume":-0.5,"Direction":"Sell"},{"SecurityCode":"ETHUSD","Time":1501164079.0,"Price":203.82,"Volume":-0.5,"Direction":"Sell"},{"SecurityCode":"ETHUSD","Time":1501161838.0,"Price":203.31,"Volume":0.5,"Direction":"Buy"},{"SecurityCode":"ETHUSD","Time":1501161838.0,"Price":203.31,"Volume":0.5,"Direction":"Buy"},{"SecurityCode":"ETHUSD","Time":1501159258.0,"Price":203.85,"Volume":-0.5,"Direction":"Sell"},{"SecurityCode":"ETHUSD","Time":1501159258.0,"Price":203.85,"Volume":-0.5,"Direction":"Sell"},{"SecurityCode":"ETHUSD","Time":1501156616.0,"Price":204.51,"Volume":0.5,"Direction":"Buy"},{"SecurityCode":"ETHUSD","Time":1501156616.0,"Price":204.51,"Volume":0.5,"Direction":"Buy"},{"SecurityCode":"ETHUSD","Time":1501155598.0,"Price":203.84,"Volume":-0.5,"Direction":"Sell"},{"SecurityCode":"ETHUSD","Time":1501155598.0,"Price":203.84,"Volume":-0.5,"Direction":"Sell"},{"SecurityCode":"ETHUSD","Time":1501154750.0,"Price":204.63,"Volume":0.5,"Direction":"Buy"},{"SecurityCode":"ETHUSD","Time":1501154750.0,"Price":204.63,"Volume":0.5,"Direction":"Buy"},{"SecurityCode":"ETHUSD","Time":1501152895.0,"Price":205.67,"Volume":-0.5,"Direction":"Sell"},{"SecurityCode":"ETHUSD","Time":1501152895.0,"Price":205.67,"Volume":-0.5,"Direction":"Sell"},{"SecurityCode":"ETHUSD","Time":1501149113.0,"Price":203.48,"Volume":0.5,"Direction":"Buy"},{"SecurityCode":"ETHUSD","Time":1501149113.0,"Price":203.48,"Volume":0.5,"Direction":"Buy"},{"SecurityCode":"ETHUSD","Time":1501148336.0,"Price":202.32,"Volume":-0.5,"Direction":"Sell"},{"SecurityCode":"ETHUSD","Time":1501148336.0,"Price":202.32,"Volume":-0.5,"Direction":"Sell"},{"SecurityCode":"ETHUSD","Time":1501143537.0,"Price":200.40,"Volume":0.5,"Direction":"Buy"},{"SecurityCode":"ETHUSD","Time":1501143537.0,"Price":200.40,"Volume":0.5,"Direction":"Buy"},{"SecurityCode":"ETHUSD","Time":1501142514.0,"Price":200.20,"Volume":-0.5,"Direction":"Sell"},{"SecurityCode":"ETHUSD","Time":1501142514.0,"Price":200.20,"Volume":-0.5,"Direction":"Sell"},{"SecurityCode":"ETHUSD","Time":1501141415.0,"Price":200.84,"Volume":0.5,"Direction":"Buy"},{"SecurityCode":"ETHUSD","Time":1501141415.0,"Price":200.84,"Volume":0.5,"Direction":"Buy"},{"SecurityCode":"ETHUSD","Time":1501138797.0,"Price":201.50,"Volume":-0.5,"Direction":"Sell"},{"SecurityCode":"ETHUSD","Time":1501138797.0,"Price":201.50,"Volume":-0.5,"Direction":"Sell"},{"SecurityCode":"ETHUSD","Time":1501137559.0,"Price":202.20,"Volume":0.5,"Direction":"Buy"},{"SecurityCode":"ETHUSD","Time":1501137559.0,"Price":202.20,"Volume":0.5,"Direction":"Buy"},{"SecurityCode":"ETHUSD","Time":1501136513.0,"Price":202.11,"Volume":-0.5,"Direction":"Sell"},{"SecurityCode":"ETHUSD","Time":1501136513.0,"Price":202.11,"Volume":-0.5,"Direction":"Sell"},{"SecurityCode":"ETHUSD","Time":1501133216.0,"Price":202.21,"Volume":0.5,"Direction":"Buy"},{"SecurityCode":"ETHUSD","Time":1501133216.0,"Price":202.21,"Volume":0.5,"Direction":"Buy"},{"SecurityCode":"ETHUSD","Time":1501131169.0,"Price":202.83,"Volume":-0.5,"Direction":"Sell"},{"SecurityCode":"ETHUSD","Time":1501131169.0,"Price":202.83,"Volume":-0.5,"Direction":"Sell"},{"SecurityCode":"ETHUSD","Time":1501128475.0,"Price":202.43,"Volume":0.5,"Direction":"Buy"},{"SecurityCode":"ETHUSD","Time":1501128475.0,"Price":202.43,"Volume":0.5,"Direction":"Buy"},{"SecurityCode":"ETHUSD","Time":1501128059.0,"Price":201.47,"Volume":-0.5,"Direction":"Sell"},{"SecurityCode":"ETHUSD","Time":1501128059.0,"Price":201.47,"Volume":-0.5,"Direction":"Sell"},{"SecurityCode":"ETHUSD","Time":1501125298.0,"Price":200.51,"Volume":0.5,"Direction":"Buy"},{"SecurityCode":"ETHUSD","Time":1501125298.0,"Price":200.51,"Volume":0.5,"Direction":"Buy"},{"SecurityCode":"ETHUSD","Time":1501121273.0,"Price":202.77,"Volume":-0.5,"Direction":"Sell"},{"SecurityCode":"ETHUSD","Time":1501121273.0,"Price":202.77,"Volume":-0.5,"Direction":"Sell"},{"SecurityCode":"ETHUSD","Time":1501120422.0,"Price":202.95,"Volume":0.5,"Direction":"Buy"},{"SecurityCode":"ETHUSD","Time":1501120422.0,"Price":202.95,"Volume":0.5,"Direction":"Buy"},{"SecurityCode":"ETHUSD","Time":1501117065.0,"Price":203.76,"Volume":-0.5,"Direction":"Sell"},{"SecurityCode":"ETHUSD","Time":1501117065.0,"Price":203.76,"Volume":-0.5,"Direction":"Sell"},{"SecurityCode":"ETHUSD","Time":1501115697.0,"Price":202.98,"Volume":0.5,"Direction":"Buy"},{"SecurityCode":"ETHUSD","Time":1501115697.0,"Price":202.98,"Volume":0.5,"Direction":"Buy"},{"SecurityCode":"ETHUSD","Time":1501114493.0,"Price":202.63,"Volume":-0.5,"Direction":"Sell"},{"SecurityCode":"ETHUSD","Time":1501114493.0,"Price":202.63,"Volume":-0.5,"Direction":"Sell"},{"SecurityCode":"ETHUSD","Time":1501113640.0,"Price":203.83,"Volume":0.5,"Direction":"Buy"},{"SecurityCode":"ETHUSD","Time":1501113580.0,"Price":203.33,"Volume":-0.5,"Direction":"Sell"},{"SecurityCode":"ETHUSD","Time":1501113353.0,"Price":203.00,"Volume":0.5,"Direction":"Buy"},{"SecurityCode":"ETHUSD","Time":1501113353.0,"Price":203.00,"Volume":0.5,"Direction":"Buy"},{"SecurityCode":"ETHUSD","Time":1501112275.0,"Price":201.46,"Volume":-0.5,"Direction":"Sell"},{"SecurityCode":"ETHUSD","Time":1501112275.0,"Price":201.46,"Volume":-0.5,"Direction":"Sell"},{"SecurityCode":"ETHUSD","Time":1501106998.0,"Price":198.54,"Volume":0.5,"Direction":"Buy"},{"SecurityCode":"ETHUSD","Time":1501106998.0,"Price":198.54,"Volume":0.5,"Direction":"Buy"},{"SecurityCode":"ETHUSD","Time":1501103554.0,"Price":200.39,"Volume":-0.5,"Direction":"Sell"},{"SecurityCode":"ETHUSD","Time":1501103554.0,"Price":200.39,"Volume":-0.5,"Direction":"Sell"},{"SecurityCode":"ETHUSD","Time":1501099760.0,"Price":198.49,"Volume":0.5,"Direction":"Buy"},{"SecurityCode":"ETHUSD","Time":1501099760.0,"Price":198.49,"Volume":0.5,"Direction":"Buy"},{"SecurityCode":"ETHUSD","Time":1501098531.0,"Price":198.81,"Volume":-0.5,"Direction":"Sell"},{"SecurityCode":"ETHUSD","Time":1501098531.0,"Price":198.81,"Volume":-0.5,"Direction":"Sell"},{"SecurityCode":"ETHUSD","Time":1501096436.0,"Price":199.76,"Volume":0.5,"Direction":"Buy"},{"SecurityCode":"ETHUSD","Time":1501096436.0,"Price":199.76,"Volume":0.5,"Direction":"Buy"},{"SecurityCode":"ETHUSD","Time":1501095172.0,"Price":198.86,"Volume":-0.5,"Direction":"Sell"},{"SecurityCode":"ETHUSD","Time":1501095172.0,"Price":198.86,"Volume":-0.5,"Direction":"Sell"},{"SecurityCode":"ETHUSD","Time":1501094517.0,"Price":199.80,"Volume":0.5,"Direction":"Buy"},{"SecurityCode":"ETHUSD","Time":1501094517.0,"Price":199.80,"Volume":0.5,"Direction":"Buy"},{"SecurityCode":"ETHUSD","Time":1501093315.0,"Price":198.99,"Volume":-0.5,"Direction":"Sell"},{"SecurityCode":"ETHUSD","Time":1501093315.0,"Price":198.99,"Volume":-0.5,"Direction":"Sell"},{"SecurityCode":"ETHUSD","Time":1501092239.0,"Price":199.36,"Volume":0.5,"Direction":"Buy"},{"SecurityCode":"ETHUSD","Time":1501092239.0,"Price":199.36,"Volume":0.5,"Direction":"Buy"},{"SecurityCode":"ETHUSD","Time":1501091819.0,"Price":198.55,"Volume":-0.5,"Direction":"Sell"},{"SecurityCode":"ETHUSD","Time":1501091819.0,"Price":198.55,"Volume":-0.5,"Direction":"Sell"},{"SecurityCode":"ETHUSD","Time":1501090138.0,"Price":196.00,"Volume":0.5,"Direction":"Buy"},{"SecurityCode":"ETHUSD","Time":1501090138.0,"Price":196.00,"Volume":0.5,"Direction":"Buy"},{"SecurityCode":"ETHUSD","Time":1501090076.0,"Price":195.24,"Volume":-0.5,"Direction":"Sell"},{"SecurityCode":"ETHUSD","Time":1501090076.0,"Price":195.24,"Volume":-0.5,"Direction":"Sell"},{"SecurityCode":"ETHUSD","Time":1501090019.0,"Price":195.99,"Volume":0.5,"Direction":"Buy"},{"SecurityCode":"ETHUSD","Time":1501090019.0,"Price":195.99,"Volume":0.5,"Direction":"Buy"},{"SecurityCode":"ETHUSD","Time":1501089056.0,"Price":195.56,"Volume":-0.5,"Direction":"Sell"},{"SecurityCode":"ETHUSD","Time":1501089056.0,"Price":195.56,"Volume":-0.5,"Direction":"Sell"},{"SecurityCode":"ETHUSD","Time":1501088690.0,"Price":196.38,"Volume":0.5,"Direction":"Buy"},{"SecurityCode":"ETHUSD","Time":1501088690.0,"Price":196.38,"Volume":0.5,"Direction":"Buy"},{"SecurityCode":"ETHUSD","Time":1501087600.0,"Price":195.99,"Volume":-0.5,"Direction":"Sell"},{"SecurityCode":"ETHUSD","Time":1501087600.0,"Price":195.99,"Volume":-0.5,"Direction":"Sell"},{"SecurityCode":"ETHUSD","Time":1501084858.0,"Price":195.78,"Volume":0.5,"Direction":"Buy"},{"SecurityCode":"ETHUSD","Time":1501084858.0,"Price":195.78,"Volume":0.5,"Direction":"Buy"},{"SecurityCode":"ETHUSD","Time":1501081138.0,"Price":200.59,"Volume":-0.5,"Direction":"Sell"},{"SecurityCode":"ETHUSD","Time":1501081138.0,"Price":200.59,"Volume":-0.5,"Direction":"Sell"},{"SecurityCode":"ETHUSD","Time":1501079435.0,"Price":200.29,"Volume":0.5,"Direction":"Buy"},{"SecurityCode":"ETHUSD","Time":1501079435.0,"Price":200.29,"Volume":0.5,"Direction":"Buy"},{"SecurityCode":"ETHUSD","Time":1501078139.0,"Price":199.98,"Volume":-0.5,"Direction":"Sell"},{"SecurityCode":"ETHUSD","Time":1501078139.0,"Price":199.98,"Volume":-0.5,"Direction":"Sell"}]